@misc{ 1,
  author = {James Urquhart Allingham},
  title = {Unsupervised automatic dataset repair},
  year = {2018},
  notes = {Master's thesis, Computer Laboratory, University of Cambridge}
}

@misc{ 2,
  author = {Yu-Feng Li and Hai Wang and Tong Wei and Wei-Wei Tu},
  title = {Towards automated semi-supervised learning},
  year = {2019},
  notes = {In The Thirty-Third AAAI Conference on Artificial Intelligence, AAAI 2019, The Thirty-First Innovative Applications of Artificial Intelligence Conference, IAAI 2019, The Ninth AAAI Symposium on Educational Advances in Artificial Intelligence, EAAI 2019, Honolulu, Hawaii, USA, January 27 - February 1, 2019, pages 4237-4244. AAAI Press}
}

@misc{ 3,
  author = {Frank Hutter and Holger H. Hoos and Kevin Leyton-Brown},
  title = {Sequential model-based optimization for general algorithm configuration},
  year = {2011},
  notes = {In Carlos A. Coello Coello, editor, Learning and Intelligent Optimization, pages 507-523, Berlin, Heidelberg, 2011. Springer Berlin Heidelberg}
}

@misc{ 4,
  author = {Mark Hall and Eibe Frank and Geoffrey Holmes and Bernhard Pfahringer and Peter Reutemann and Ian H. Witten},
  title = {The weka data mining software: An update},
  year = {2009}
}

@misc{ 5,
  author = {Alejandro Rosales-Pérez and Jesus A. Gonzalez and Carlos A. Coello Coello and Hugo Jair Escalante and Carlos A. Reyes García},
  title = {Multi-objective model type selection},
  year = {2014},
  notes = {Neurocomputing, 146:83-94}
}

@misc{ 6,
  author = {Matthias Feurer and Aaron Klein and Katharina Eggensperger and Jost Tobias Springenberg and Manuel Blum and Frank Hutter},
  title = {Auto-sklearn: Efficient and Robust Automated Machine Learning},
  year = {2019},
  notes = {pages 113-134. Springer International Publishing, Cham}
}

@misc{ 7,
  author = {Isabelle Guyon and Lisheng Sun-Hosoya and Marc Boullé and Hugo Jair Escalante and Sergio Escalera and Zhengying Liu and Damir Jajetic and Bisakha Ray and Mehreen Saeed and Michèle Sebag and Alexander R. Statnikov and Wei-Wei Tu and Evelyne Viegas},
  title = {Analysis of the automl challenge series 2015-2018},
  year = {2019},
  notes = {In Automated Machine Learning - Methods, Systems, Challenges, pages 177-219}
}

@misc{ 8,
  author = {Jasper Snoek and Hugo Larochelle and Ryan P. Adams},
  title = {Practical bayesian optimization of machine learning algorithms},
  year = {2012}
}

@misc { 9,
  author = {Thrun and Sebastian and Pratt and Lorien},
  title = {Learning to Learn: Introduction and Overview},
  year = {1998},
  notes = {Springer Science & Business Media.}
}

@misc { 10,
  author = {Pan and Sinno Jialin and Yang and Qiang},
  title = {A survey on transfer learning},
  year = {2009},
  notes = {IEEE TKDE 22 (10), 1345-1359}
}



